<?xml version="1.0" encoding="UTF-8"?><collection xmlns="http://www.loc.gov/MARC21/slim"><record><leader>00461nam--2200133-i-4500</leader><controlfield tag="001">000033703</controlfield><controlfield tag="002">20161230</controlfield><controlfield tag="005">20161230201039</controlfield><controlfield tag="008">060222s1000------------r-----000-0-eng-d</controlfield><datafield ind1=" " ind2=" " tag="080"><subfield code="a">621.385.833:537.533.35</subfield></datafield><datafield ind1=" " ind2=" " tag="100"><subfield code="a">Muller, Henz</subfield></datafield><datafield ind1=" " ind2=" " tag="245"><subfield code="a">Preparation von technisch-physikalischen objekten fur die elektronenmikroskopische untersuchung. mit 111 abbildungen und 13 tabellen</subfield></datafield><datafield ind1=" " ind2=" " tag="260"><subfield code="a">Leipzig, Akademische Verlagsgesellschaft, 1962, Xv + 333p</subfield></datafield><datafield ind1=" " ind2=" " tag="852"><subfield code="a">9037</subfield></datafield></record></collection>